@book{henriksen2020,
  author = "Henriksen, K. and Hansen, J. and Larsen, C.H.",
  title = "Mindfulness and acceptance in sport: How to help athletes perform and thrive under pressure",
  publisher = "Routledge",
  address = "New York",
  year = "2020"
}

@book{hayes2014,
  author = "武藤, 優子 and 塩見, 亮 and 木村, 理恵",
  yomi = "Muto Yuko and Shiomi Ryo and Kimura Rie",
  title = "アクセプタンス&コミットメント・セラピー: 心理的柔軟性を育てる実践ガイド",
  translator = "Hayes, S. C. and Strosahl, K. D. and Wilson, K. G.",
  publisher = "星和書店",
  year = "2014"
}





@article{kashdan2020,
  author = "Kashdan, T. B. and Disabato, D. J. and Goodman, F. R. and Doorley, J. D. and McKnight, P. E.",
  title = "Understanding psychological flexibility: A multimethod exploration of pursuing valued goals despite the presence of distress",
  journal = "Psychological Assessment",
  volume = "32",
  number = "9",
  pages = "829",
  year = "2020"
}

@article{nakagomi1991,
  author = "中込, 四郎 and 岸, 順治",
  yomi = "Nakagomi, Shiro and Kishi, Junji",
  title = "運動選手のバーンアウト発症に関する事例研究",
  journal = "体育学研究",
  volume = "35",
  pages = "313-323",
  year = "1991"
}




@article{sato2001,
  author = "佐藤, 徳 and 安田, 朝子",
  yomi = "Sato, Toku and Yasuda, Asako",
  title = "日本語版PANASの作成",
  journal = "性格心理学研究",
  volume = "9",
  number = "2",
  pages = "138-139",
  year = "2001"
}


@article{shimizu2016,
  author = "清水, 安夫 and 宮崎, 光次",
  yomi = "Shimizu Yasuo and Miyazaki Koji",
  title = "スポーツ競技における主観的パフォーマンス測定指標の開発",
  journal = "神奈川体育学会機関紙 体育研究",
  volume = "49",
  year = "2016"
}

@article{takayama2023,
  author = "高山, 智史 and 大前, 杏織 and 朝倉, 智大 and 佐藤, 寛",
  yomi = "Takayama Satoshi and Oomae Anri and Asakura Tomohiro and Sato Hiroshi",
  title = "スポーツパフォーマンス向上を目的としたアクセプタンス＆コミットメント・セラピーの記述的レビュー",
  journal = "関西学院大学心理科学研究",
  volume = "49",
  year = "2023"
}


@article{watson1988,
  author = "Watson, D. and Clark, L. A. and Tellegen, A.",
  title = "Development and validation of brief measures of positive and negative affect: The PANAS scales",
  journal = "Journal of Personality and Social Psychology",
  volume = "54",
  pages = "1063-1070",
  year = "1988"
}

@article{murakami2002,
  author = "村上, 貴聡 and 徳永, 幹雄 and 橋本, 公雄",
  yomi = "Murakami Takatoshi and Tokunaga Mikio and Hashimoto Kimio",
  title = "競技パフォーマンスに影響する心理的要因: 心理的スキル及び心理的健康を中心とした検討",
  journal = "健康科学",
  volume = "24",
  pages = "76-84",
  year = "2002",
  doi = "10.15017/741"
}


@article{kinoshita2019,
  author = "木下, 奈緒子",
  yomi = "Kinoshita Naoko",
  title = "「あるがまま」の心理学：チョイス・ポイント・モデルから考えるACT",
  journal = "心理学",
  volume = "87",
  number = "5",
  pages = "8-9",
  year = "2019"
}


@article{fukamachi2019,
  author = "深町, 花子",
  yomi = "Fukamachi Hanako",
  title = "「あるがまま」の心理学：アスリートのマインドフルネスと「あるがまま」",
  journal = "心理学",
  volume = "87",
  number = "5",
  pages = "8-9",
  year = "2019"
}


@article{bernier2009,
  author = "Bernier, M. and Thienot, E. and Codron, R. and Fournier, J. F.",
  title = "Mindfulness and acceptance approaches in sport performance",
  journal = "Journal of Clinical Sport Psychology",
  volume = "3",
  pages = "320-333",
  year = "2009"
}

@article{fukamachi2016,
  author = "深町, 花子 and 石井, 香織 and 荒井, 弘和 and 岡, 浩一朗",
  yomi = "Fukamachi Hanako and Ishii Kaori and Arai Hirokazu and Oka Koichiro",
  title = "大学生アーチェリー選手のパフォーマンス向上へのアクセプタンス＆コミットメント・セラピー適用事例",
  journal = "行動療法研究",
  volume = "42",
  pages = "413-423",
  year = "2016"
}

@article{ruiz2012,
  author = "Ruiz, F. J. and Luciano, C.",
  title = "Improving international-level chess players’ performance with an acceptance-based protocol: Preliminary findings",
  journal = "The Psychological Record",
  volume = "62",
  pages = "447-461",
  year = "2012"
}

@article{zhang2016,
  author = "Zhang, C. Q. and Si, G. and Duan, Y. and Lyu, Y. and Keatley, D. A. and Chan, D. K. C.",
  title = "The effects of mindfulness training on beginners’ skill acquisition in dart throwing: A randomized controlled trial",
  journal = "Psychology of Sport and Exercise",
  volume = "22",
  pages = "279-285",
  year = "2016"
}

@article{kikuta2016,
  author = "菊田, 和代 and 三田村, 仰 and 武藤, 崇",
  yomi = "Kikuta Kazuyo and Mitamura Akira and Muto Takashi",
  title = "常に不適応感に悩まされ，うつ病と診断されていた50代男性に対する介入—ACT初心者である臨床心理士の経験と考察—",
  journal = "行動療法研究",
  volume = "42",
  number = "3",
  pages = "331–343",
  year = "2016"
}


@article{masuda2008,
  author = "増田, 暁彦 and 武藤, 崇 and Hayes, Steven C. and Lillis, Jason",
  yomi = "Masuda, Akihiko and Muto, Takashi",
  title = "アクセプタンス＆コミットメント・セラピーの実際―日本人クライエントへの適用事例―",
  journal = "行動療法研究",
  volume = "34",
  number = "2",
  pages = "137-148",
  year = "2008"
}


@article{gross2018,
  author = "Gross, M. and Moore, Z. E. and Gardner, F. L.",
  title = "A randomized controlled trial of brief mindfulness training and self-control in athletes",
  journal = "Journal of Clinical Sport Psychology",
  volume = "12",
  number = "4",
  pages = "737–754",
  year = "2018"
}

@article{macdougall2019,
  author = "Macdougall, M. and O'Halloran, P. and Sherry, E. and Shields, N.",
  title = "The effectiveness of an acceptance and commitment therapy intervention on psychological flexibility and performance in athletes with physical disabilities: A randomized controlled trial",
  journal = "Psychology of Sport and Exercise",
  volume = "42",
  pages = "1–9",
  year = "2019"
}

@article{wolanin2010,
  author = "Wolanin, A. T. and Schwanhausser, M. E.",
  title = "Enhancing Performance in Volleyball and Field Hockey Athletes: The Impact of Psychological Intervention on Coaches' Performance Ratings",
  journal = "Journal of Sport and Exercise Psychology",
  volume = "32",
  number = "4",
  pages = "496-507",
  year = "2010"
}


@article{a_tjak2015,
  author = "A-Tjak, J. G. L. and Davis, M. L. and Morina, N. and Powers, M. B. and Smits, J. A. J. and Emmelkamp, P. M. G.",
  title = "A meta-analysis of the efficacy of acceptance and commitment therapy for clinically relevant mental and physical health problems",
  journal = "Psychotherapy and Psychosomatics",
  volume = "84",
  pages = "30-36",
  year = "2015"
}

@article{ong2018,
  author = "Ong, C. W. and Lee, E. B. and Twohig, M. P.",
  title = "A meta-analysis of dropout rates in acceptance and commitment therapy",
  journal = "Behaviour Research and Therapy",
  volume = "104",
  pages = "14-33",
  year = "2018"
}

@article{fernandez2015,
  author = "Fernandez, E. and Salem, D. and Swift, J. K. and Ramtahal, N.",
  title = "Meta-analysis of dropout from cognitive behavioral therapy: Magnitude, timing, and moderators",
  journal = "Journal of Consulting and Clinical Psychology",
  volume = "83",
  pages = "1108-1122",
  year = "2015"
}

@article{forman2009,
  author = "Forman, E. M. and Hoffman, K. L. and McGrath, K. B. and Herbert, J. D.",
  title = "The acceptance and commitment therapy for weight loss: A pilot study",
  journal = "Journal of Contextual Behavioral Science",
  volume = "8",
  number = "2",
  pages = "69-73",
  year = "2009"
}

@article{hernandez2009,
  author = "Hern{a}ndez L{o}pez, M. and Luciano, C. and Bricker, J. B. and Rojo, L.",
  title = "Acceptance and commitment therapy in smoking cessation: A randomized controlled trial",
  journal = "Behaviour Research and Therapy",
  volume = "47",
  number = "1",
  pages = "1-8",
  year = "2009"
}


@misc{r_core_team2022,
  author = "R Core Team",
  title = "R: A language and environment for statistical computing",
  year = "2022",
  publisher = "R Foundation for Statistical Computing",
  url = "https://www.R-project.org"
}

@article{epskamp2021,
  author = "Epskamp, S. and Asena, E.",
  title = "graphicalVAR: Estimating and visualizing a graphical vector autoregressive model",
  journal = "Journal of Statistical Software",
  volume = "99",
  number = "6",
  pages = "1-32",
  year = "2021",
  doi = "https://doi.org/10.18637/jss.v099.i06"
}

@article{wickham2019,
  author = "Wickham, H. and Averick, M. and Bryan, J. and Chang, W. and McLellan, M. and Roose, D. and Scherer, C. and Spinu, V. and Stryjewski, L. and Waring, S.",
  title = "Welcome to the tidyverse",
  journal = "Journal of Open Source Software",
  volume = "4",
  number = "43",
  pages = "1686",
  year = "2019",
  doi = "https://doi.org/10.21105/joss.01686"
}


@book{hanin2000,
  author = "Hanin, Y. L.",
  title = "Emotions in Sport",
  publisher = "Human Kinetics",
  year = "2000",
  address = "Champaign, IL"
}


@article{yamazaki2021,
  author = "山崎, 智 and 土屋, 政雄 and 国里, 愛彦",
  yomi = "Yamazaki, Satoshi and Tsuchiya, Masao and Kunisato, Yoshihiko",
  title = "Personalized Psychological Flexibility Index 日本語版の開発",
  journal = "日本認知・行動療法学会大会発表論文集",
  volume = "47",
  pages = "386–387",
  year = "2021"
}


@book{lilienfeld2012,
    author = {Lilienfeld, S. O. and Arkowitz, H.},
    title = {Science and Pseudoscience in Clinical Psychology},
    publisher = {The Guilford Press},
    address = {New York},
    year = {2012}
}


@book{vealey2007,
  author = "Vealey, R. S.",
  title = "Mental skills training in sport",
  booktitle = "Advances in sport and exercise psychology",
  editor = "Duda, J. L.",
  pages = "179-195",
  publisher = "Human Kinetics",
   year = "2007",
  address = "Champaign, IL"
}

@book{hayes1999,
  author = "Hayes, S. C. and Strosahl, K. D. and Wilson, K. G.",
  title = "Acceptance and Commitment Therapy: An Experiential Approach to Behavior Change",
  publisher = "Guilford Press",
  year = "1999",
  address = "New York"
}

@book{hardy1996,
  author = "Hardy, L. and Jones, G. and Gould, D.",
  title = "Understanding psychological preparation for sport: Theory and practice of elite performers",
  publisher = "Wiley",
  address = "Chichester",
  year = "1996"
}


@book{gardner2006,
  author = "Gardner, F. L. and Moore, Z. E.",
  title = "Mental Skills Training in Sport",
  editor = "Williams, J. M.",
  publisher = "McGraw-Hill",
  year = "2006",
  address = "New York",
  note = "From the book: Applied sport psychology: Personal growth to peak performance, pages 261-273"
}


@book{wilson2009,
  author = {Wilson, K. G. and DuFrene, T.},
  year = {2009},
  title = {Mindfulness for Two: An Acceptance and Commitment Therapy Approach to Mindfulness in Psychotherapy},
  address = {Oakland, CA},
  publisher = {New Harbinger Publications}

@article{hasker2010,
  author = "Hasker, S. M.",
  title = "Evaluation of the Mindfulness-Acceptance-Commitment (MAC) Approach for Enhancing Athletic Performance",
  journal = "Unpublished doctoral dissertation, Indiana University of Pennsylvania",
  year = "2010"
}



@book{mitamura2017,
  author = "三田村,仰",
  yomi = "Mitamura, Takashi",
  title = "はじめてまなぶ行動療法",
  publisher = "金剛出版",
  year = "2017"
}

@article{kashihara2022,
  author = "樫原,潤 and 伊藤,正哉",
  yomi = "Kashihara, Jun and Ito, Masaya",
  title = "心理ネットワークアプローチがもたらす「臨床革命」—認知行動療法の文脈に基づく展望",
  journal = "認知行動療法研究",
  volume = "48",
  number = "1",
  pages = "35-45",
  year = "2022"
}






@article{epskamp2012,
  author = "Epskamp, S. and Cramer, A. O. J. and Waldorp, L. J. and Schmittmann, V. D. and Borsboom, D.",
  title = "qgraph: Network visualizations of relationships in psychometric data",
  journal = "Journal of Statistical Software",
  volume = "48",
  pages = "1–18",
  year = "2012"
}

@article{hayes2012,
  author = {Hayes, Steven C. and Pistorello, Jacqueline and Levin, Michael E.},
  title = {Acceptance and commitment therapy as a model of mindfulness and behavioral change in the context of psychological flexibility},
  journal = {Journal of Contextual Behavioral Science},
  volume = {1},
  number = {1-2},
  pages = {3--11},
  year = {2012},
  doi = {10.1016/j.jcbs.2012.09.003}
}




@article{bond2011,
  author = "Bond, F. W. and Hayes, S. C. and Johnstone, M.",
  title = "The value of mindfulness and acceptance-based approaches in the assessment of psychological flexibility and the treatment of psychological dysfunction",
  journal = "Journal of Contextual Behavioral Science",
  volume = "1",
  number = "1-2",
  pages = "10-16",
  year = "2011",
  doi = "https://doi.org/10.1016/j.jcbs.2012.02.003"
}

@article{cherry2021,
  author = "Cherry, K. M. and Hoeven, E. V. and Patterson, T. S. and Lumley, M. N.",
  title = "Defining and measuring “psychological flexibility”: A narrative scoping review of diverse flexibility and rigidity constructs and perspectives",
  journal = "Clinical Psychology Review",
  volume = "101973",
  year = "2021"
}

@book{bandura1997,
  author = "Bandura, A.",
  title = "Self-efficacy: The exercise of control",
  publisher = "Freeman",
  year = "1997",
  address = "New York"
}



@article{zajonc1965,
  author = "Zajonc, R. B.",
  title = "Social facilitation",
  journal = "Science",
  volume = "149",
  number = "3681",
  pages = "269-274",
  year = "1965",
  doi = "https://doi.org/10.1126/science.149.3681.269"
}

@book{carver1981,
  author = "Carver, C. S. and Scheier, M. F.",
  title = "Attention and self-regulation: A control-theory approach to human behavior",
  publisher = "Springer",
  year = "1981",
  address = "New York",
  doi = "https://doi.org/10.1007/978-1-4612-5887-2"
}

@article{yerkes1908,
  author = "Yerkes, R. M. and Dodson, J. D.",
  title = "The relation of strength of stimulus to rapidity of habit-formation",
  journal = "Journal of Comparative Neurology and Psychology",
  volume = "18",
  number = "5",
  pages = "459-482",
  year = "1908",
  doi = "https://doi.org/10.1002/cne.920180503"
}

@article{epskamp2018,
  author = "Epskamp, S. and Borsboom, D. and Fried, E. I.",
  title = "Estimating psychological networks and their accuracy: A tutorial paper",
  journal = "Behavior Research Methods",
  volume = "50",
  number = "1",
  pages = "195-212",
  year = "2018",
  doi = "https://doi.org/10.3758/s13428-017-0862-1"
}

@article{sakai2021,
  author = "酒井,美枝 and 武藤,崇",
  yomi = "Sakai, Mie and Muto, Takashi",
  title = "アクセプタンス&コミットメント・セラピー（ACT）から見たマインドフルネス",
  journal = "心理学評論",
  volume = "64",
  number = "4",
  pages = "452-459",
  year = "2021"
}


@article{cramer2010comorbidity,
  author={Cramer, Ang{\'e}lique. O. J., Waldorp, Lourens. J., Van, Der. Maas. Han. L.J., and Borsboom, Denny.},
  title={Comorbidity: A network perspective},
  journal={Behavioral and brain sciences},
  year={2010},
  volume={33},
  number={2-3},
  pages={137-150
}


@Article{R,
    title = {R: A Language and Environment for Statistical Computing},
    author = {{R Core Team}},
    journal = {R Foundation for Statistical Computing},
    volume = {Vienna, Austria},
    year = {2022},
    doi = {https://www.R-project.org/
  }
  
  
@ARTICLE{Kunisato2012,
  title    = "Effects of depression on reward-based decision making and
              variability of action in probabilistic learning",
  author   = "Kunisato, Yoshihiko and Okamoto, Yasumasa and Ueda, Kazutaka and
              Onoda, Keiichi and Okada, Go and Yoshimura, Shinpei and Suzuki,
              Shin-Ichi and Samejima, Kazuyuki and Yamawaki, Shigeto",
  journal  = "Journal of behavior therapy and experimental psychiatry",
  volume   =  43,
  number   =  4,
  pages    = "1088--1094",
  month    =  dec,
  year     =  2012,
  language = "en"
}

@ARTICLE{Machino2014,
  title    = "Possible involvement of rumination in gray matter abnormalities
              in persistent symptoms of major depression: an exploratory
              magnetic resonance imaging voxel-based morphometry study",
  author   = "Machino, Akihiko and Kunisato, Yoshihiko and Matsumoto, Tomoya
              and Yoshimura, Shinpei and Ueda, Kazutaka and Yamawaki, Yosuke
              and Okada, Go and Okamoto, Yasumasa and Yamawaki, Shigeto",
  journal  = "Journal of affective disorders",
  volume   =  168,
  pages    = "229--235",
  month    =  oct,
  year     =  2014,
  language = "en"
}




@article{borsboom2017network, 
  author = "Borsboom, Denny", 
  title = "A network theory of mental disorders", 
  journal = "World Psychiatry", 
  volume = "16", 
  number = "1", 
  pages = "5--13", 
  year = "2017" 
}

@article{borsboom2013network, 
  author = "Borsboom, Denny and Cramer, Ang{\'e}lique O. J.", 
  title = "Network analysis: an integrative approach to the structure of psychopathology", 
  journal = "Annual Review of Clinical Psychology", 
  volume = "9", 
  number = "1", 
  pages = "91--121", 
  year = "2013" 
}
@book{Hayes2011,
  author    = {Hayes, Steven C. and Strosahl, Kirk D. and Wilson, Kelly G.},
  title     = {Acceptance and Commitment Therapy: The Process and Practice of Mindful Change},
  edition   = {2nd},
  publisher = {The Guilford Press},
  year      = {2011},
}



@article{kunisato2018,
author="国里,愛彦",
yomi = "Kunisato Yoshihiko",
title="臨床心理学と認知モデリング",
journal="心理学評論",
ISSN="0386-1058",
publisher="心理学評論刊行会",
year="2018",
month="",
volume="61",
number="1",
pages="55-66",
URL="https://ci.nii.ac.jp/naid/130007678116/",
DOI="10.24602/sjpr.61.1_55"
}



@article{kunisato2019,
author="国里,愛彦 and 片平,健太郎 and 沖村,宰 and 山下,祐一",
yomi = "Kunisato Yoshihiko",
title="うつに対する計算論的アプローチ:―強化学習モデルの観点から―",
journal="心理学評論",
ISSN="0386-1058",
publisher="心理学評論刊行会",
year="2019",
month="",
volume="62",
number="1",
pages="88-103",
URL="https://ci.nii.ac.jp/naid/130007749836/",
DOI="10.24602/sjpr.62.1_88"
}

@book{kunisato_book_2019,
  author    = "国里,愛彦 and 片平,健太郎 and 沖村,宰 and 山下, 祐一",
  yomi = "Kunisato Yoshihiko",
  title     = "計算論的精神医学 : 情報処理過程から読み解く精神障害",
  publisher = "勁草書房",
  year      = "2019",
  URL       = "http://ci.nii.ac.jp/ncid/BB27595103"
}

@book{kunisato_book_2017,
  author    = "村井,潤一郎 and 橋本,貴充 and 杉澤,武俊 and 石井,秀宗 and 井関,龍太 and 国里,愛彦 and 山内,香奈 and 宇佐美,慧",
  yomi = "Murai Junichiro ",
  title     = "心理学のためのサンプルサイズ設計入門",
  publisher = "講談社",
  year      = "2017",
  URL       = "http://ci.nii.ac.jp/ncid/BB23230532"
}

@others{nhk2021,
  author = "{NHK,解説委員会}",
  title = "{「よわいはつよい」大人も子どもも“助けて”が言えますように}",
  year = "{2021}",
  info = "{NHKニュース}. Retrieved from {https://www3.nhk.or.jp/news/html/20210316/k10012912321000.html} (March 16, 2021)"
}




@book{hayes2014_japanese,
  author = {Hayes, S. C. and Strosahl, K. D. and Wilson, K. G.},
  title = {Acceptance and Commitment Therapy: The Process and Practice of Mindful Change (2nd ed.)},
  year = {2011},
  address = {New York},
  publisher = {Guilford Press},
  genchoKANA = {ヘイズ, S. C. and ストローサル, K. D. and ウィルソン, K. G.},
  jkanyaku = {武藤, 崇 and 三田村, 仰 and 大月, 友},
  transauthor = {武藤, 崇 and 三田村, 仰 and 大月, 友},
  jpublisher = {星和書店},
  jtitle = {アクセプタンス&コミットメント・セラピー(ACT)第2版―マインドフルな変化のためのプロセスと実践―},
  jyear = {2014}
}



@others{japansports2018,
  author = "{{日本スポーツ振興センター}}",
  yomi = "Nihon Supōtsu Shinkō Sentā",
  title = "実態に即した女性アスリート支援のための調査研究",
  year = "2018",
  info = "日本スポーツ振興センター. Retrieved from https://www.jpnsport.go.jp/hpsc/Portals/0/resources/jiss/column/woman/fact20181018.pdf"
}


@article{kashihara2019,
  author = "樫原, 潤",
  yomi = "Kashihara, Jun",
  title = "精神病理ネットワークの応用可能性",
  journal = "心理学評論",
  volume = "62",
  number = "2",
  pages = "143-165",
  year = "2019",
  doi = "10.24602/sjpr.62.2_143"
}


@article{namiki2024,
  author = "並木, 伸賢",
  yomi = "Namiki, Nobutaka",
  title = "横断データに対する相関・回帰分析とネットワーク分析―キャリア探索とキャリアレディネスの関連から―",
  journal = "日本スポーツ心理学会　第51回大会　研究発表論文集",
  pages = "14",  
  year = "2024"
}

@article{shimizu2024,
  author = "清水, 登大",
  yomi = "Shimizu, Takahiro",
  title = "心理支援者としてのネットワーク分析の活用可能性の検討―プロテニス選手と運動部への活動事例を通して―",
  journal = "日本スポーツ心理学会　第51回大会　研究発表論文集",
  pages = "15",  
  year = "2024"
}

@article{Maehara2020,
  author    = {前原,未佳 and 下満,由貴 and 小山,憲一郎},
  yomi = {maehara, mika},
  title     = {心理的非柔軟性に動機づけられたストレスコーピングは主観的幸福感を高めるのか？},
  journal   = {福岡県立大学人間社会学部紀要},
  volume    = {29},
  number    = {1},
  pages     = {1--18},
  year      = {2020},
  note      = {原著},
}

@book{Kanter2009,
  author        = {Kanter, J. and Busch, A. and Rusch, L.},
  title         = {Behavioral Activation},
  year          = {2009},
  publisher     = {Routledge},
  genchoKANA    = {Kanter, J. and Busch, A. and Rusch, L.},
  Jkanyaku      = {大野, 裕},
  transauthor   = {岡本, 泰昌 and 西川, 美樹},
  Jpublisher    = {明石書店},
  Jtitle        = {新しい認知行動療法の潮流 ２ 行動活性化},
  Jyear         = {2015}
}


@book{Harris2009_ACTSimple,
  author    = {Russ Harris},
  title     = {ACT Made Simple: An Easy-to-Read Primer on Acceptance and Commitment Therapy},
  publisher = {New Harbinger Publications},
  year      = {2009},
  edition   = {1st},
}

@article{Kunisato2023,
  author    = {国里,愛彦 and 藁科,佳奈 and 隅田,昌孝 and 村口,ゆら and 大水,拓海},
  yomi = {kunisato, yoshihiko},
  title     = {横断データに対する心理ネットワーク分析のチュートリアル},
  journal   = {専修人間科学論集 心理学篇},
  volume    = {13},
  number    = {1},
  pages     = {51--67},
  year      = {2023},
  title-en  = {Tutorial of Psychological Network Analysis in Cross-Sectional Data},
  author-en = {Yoshihiko Kunisato, Kana Warashina, Masataka Sumida, Yura Muraguchi and Takumi Omizu},
}

